

@misc{NVIDIA:2015aa,
	Author = {{NVIDIA}},
	Date-Added = {2015-12-02 09:43:27 +0000},
	Date-Modified = {2015-12-02 09:44:17 +0000},
	Howpublished = {\href{https://docs.nvidia.com/cuda/pdf/CUDA_C_Programming_Guide.pdf}{\nolinkurl{https://docs.nvidia.com/cuda/pdf/CUDA_C_Programming_Guide.pdf}}},
	Month = sep,
	Title = {{CUDA C} Programming Guide, version 7.5},
	Year = {2015}}

@article{Buck:2008aa,
	Author = {John Nickolls and Ian Buck and Michael Garland and Kevin Skadron},
	Date-Added = {2015-12-02 09:40:55 +0000},
	Date-Modified = {2015-12-02 09:43:06 +0000},
	Journal = {ACM Queue},
	Number = {2},
	Pages = {40--53},
	Volume = {6},
	Month = mar,
	Title = {Scalable Parallel Programming with {CUDA}},
	Doi = {10.1145/1365490.1365500},
	Year = {2008}}

@article{Cruz:2011gc,
	Abstract = {Computer Physics Communications, 182 (2011) 2084{\textendash}2098. 10.1016/j.cpc.2011.05.002},
	Author = {Cruz, Felipe A and Layton, Simon K and Barba, L A},
	Date-Added = {2015-11-12 00:08:46 +0000},
	Date-Modified = {2015-12-02 09:31:51 +0000},
	Journal = {Comput. Phys. Comm.},
	Month = oct,
	Number = {10},
	Pages = {2084--2098},
	Rating = {0},
	Read = {Yes},
	Volume = {182},
	Year = {2011},
	Title = {How to obtain efficient {GPU} kernels: An illustration using {FMM} \& {FGT} algorithms},
	Doi = {10.1016/j.cpc.2011.05.002}}

@article{Brodtkorb:2013hn,
	Author = {Brodtkorb, Andr{\'e} R and Hagen, Trond R and S{\ae}tra, Martin L},
	Date-Added = {2015-11-12 00:08:46 +0000},
	Date-Modified = {2015-12-02 09:31:51 +0000},
	Journal = {J. Parallel Distrib. Comput.},
	Number = {1},
	Pages = {4--13},
	Rating = {0},
	Read = {Yes},
	Volume = {73},
	Year = {2013},
	Title = {Graphics processing unit ({GPU}) programming strategies and trends in {GPU} computing},
	Doi = {10.1016/j.jpdc.2012.04.003}}

@article{Niemeyer:2014hn,
	Abstract = {The progress made in accelerating simulations of fluid flow using GPUs, and the challenges that remain, are surveyed. The review first provides an introduction to GPU computing and programming, and discusses various considerations for improved performance. Case studies comparing the performance of CPU- and GPU- based solvers for the Laplace and incompressible Navier{\textendash}Stokes equations are performed in order to demonstrate the potential improvement even with simple codes. Recent efforts to accelerate CFD simulations using GPUs are reviewed for laminar, turbulent, and reactive flow solvers. Also, GPU implementations of the lattice Boltzmann method are reviewed. Finally, recommendations for implementing CFD codes on GPUs are given and remaining challenges are discussed, such as the need to develop new strategies and redesign algorithms to enable GPU acceleration.},
	Author = {Niemeyer, Kyle E and Sung, Chih-Jen},
	Date-Added = {2015-11-12 00:08:46 +0000},
	Date-Modified = {2015-12-02 09:31:51 +0000},
	Journal = {J. Supercomput.},
	Month = feb,
	Number = {2},
	Pages = {528--564},
	Rating = {0},
	Read = {Yes},
	Volume = {67},
	Year = {2014},
	Title = {Recent progress and challenges in exploiting graphics processors in computational fluid dynamics},
	Doi = {10.1007/s11227-013-1015-7}}

@article{rabitz_sa,
	Author = {Li, Genyuan and Rabitz, Herschel},
	Date-Modified = {2015-11-11 21:34:00 +0000},
	Journal = {Chem. Eng. Sci.},
	Number = {6},
	Pages = {1413--1430},
	Title = {A general analysis of exact lumping in chemical kinetics},
	Volume = {44},
	Year = {1989}}

@article{turanyi_sa_1,
	Author = {Tur{\'a}nyi, Tam{\'a}},
	Date-Modified = {2014-07-10 22:27:09 +0000},
	Issn = {1144-0546},
	Journal = {New J. Chem.},
	Number = {11},
	Pages = {795--803},
	Title = {Reduction of large reaction mechanisms},
	Type = {Journal Article},
	Volume = {14},
	Year = {1990}}

@article{turanyi_sa_2,
	Author = {Tur{\'a}nyi, Tam{\'a}s},
	Date-Modified = {2014-07-10 22:26:44 +0000},
	Issn = {0259-9791},
	Journal = {J. Math. Chem.},
	Number = {3},
	Pages = {203--248},
	Title = {Sensitivity analysis of complex kinetic systems. Tools and applications},
	Volume = {5},
	Year = {1990}}

@article{vajda_pca,
	Author = {Vajda, S and Valko, P and Tur{\'a}nyi, Tam{\'a}s},
	Date-Modified = {2014-07-10 22:27:41 +0000},
	Issn = {1097-4601},
	Journal = {Int. J. Chem. Kinet.},
	Number = {1},
	Pages = {55--81},
	Title = {Principal component analysis of kinetic models},
	Volume = {17},
	Year = {1985}}

@article{valorani_csp2,
	Author = {Valorani, Mauro and Creta, Francesco and Donato, Filippo and Najm, Habib N and Goussis, Dimitris A},
	Date-Modified = {2014-07-10 22:26:27 +0000},
	Issn = {1540-7489},
	Journal = {Proc. Combust. Inst.},
	Number = {1},
	Pages = {483--490},
	Title = {Skeletal mechanism generation and analysis for n-heptane with {CSP}},
	Volume = {31},
	Year = {2007}}

@article{valorani_csp,
	Author = {Valorani, Mauro and Creta, Francesco and Goussis, Dimitris A and Lee, Jeremiah C and Najm, Habib N},
	Date-Modified = {2014-07-10 22:44:21 +0000},
	Issn = {0010-2180},
	Journal = {Combust. Flame},
	Number = {1},
	Pages = {29--51},
	Title = {An automatic procedure for the simplification of chemical kinetic mechanisms based on {CSP}},
	Volume = {146},
	Year = {2006}}

@article{qssa,
	Author = {D L Chapman and L K Underhill},
	Date-Modified = {2014-07-14 21:52:20 +0000},
	Journal = {J. Chem. Soc., Trans.},
	Pages = {496--508},
	Volume = {103},
	Year = {1913},
	Title = {{LV.}---The interaction of chlorine and hydrogen. The influence of mass}}

@article{pe_approx1,
	Author = {Benson, Sidney W.},
	Date-Modified = {2015-12-02 09:31:51 +0000},
	Journal = {J. Chem. Phys.},
	Number = {10},
	Pages = {1605--1612},
	Volume = {20},
	Year = {1952},
	Doi = {10.1063/1.1700223},
	Title = {The Induction Period in Chain Reactions}}

@article{pe_approx2,
	Author = {Ramshaw, John D},
	Date-Modified = {2014-07-10 22:28:00 +0000},
	Issn = {1070--6631},
	Journal = {Phys. Fluids},
	Number = {4},
	Pages = {675},
	Type = {Journal Article},
	Volume = {23},
	Year = {1980},
	Title = {Partial chemical equilibrium in fluid dynamics}}

@article{Maas:1992aa,
	Author = {Maas, Ulrich and Pope, Stephen B},
	Date-Modified = {2015-11-11 21:36:38 +0000},
	Issn = {0010-2180},
	Journal = {Combust. Flame},
	Number = {3},
	Pages = {239--264},
	Type = {Journal Article},
	Volume = {88},
	Year = {1992},
	Title = {Simplifying chemical kinetics: intrinsic low-dimensional manifolds in composition space}}

@article{Curtiss:1952,
	Author = {C F Curtiss and J O Hirschfelder},
	Date-Added = {2015-08-26 07:15:49 +0000},
	Date-Modified = {2015-08-26 07:15:49 +0000},
	Journal = {Proceedings of the National Academy of Sciences of the United States of America},
	Number = {3},
	Pages = {235--243},
	Title = {Integration of stiff equations},
	Volume = {38},
	Year = {1952}}

@article{Brown:1989vl,
	Annote = {originally LLNL Report UCRL-98412},
	Author = {Brown, Peter N and Byrne, George D and Hindmarsh, Alan C},
	Date-Added = {2015-08-26 07:14:43 +0000},
	Date-Modified = {2015-08-26 07:14:43 +0000},
	Journal = {SIAM J. Sci. Stat. Comput.},
	Number = {5},
	Pages = {1038--1051},
	Volume = {10},
	Title = {{VODE}: a Variable-Coefficient {ODE} Solver},
	Doi = {10.1137/0910062},
	Year = {1989}}

@article{Byrne:1987wp,
	Author = {Byrne, George D and Hindmarsh, Alan C},
	Date-Added = {2015-08-26 07:14:43 +0000},
	Date-Modified = {2015-08-26 07:14:43 +0000},
	Journal = {J. Comput. Phys.},
	Number = {1},
	Pages = {1--62},
	Title = {Stiff {ODE} solvers: a review of current and coming attractions},
	Volume = {70},
	Year = {1987}}

@article{Maas:1992ws,
	Author = {Maas, Ulrich and Pope, Stephen B},
	Date-Added = {2015-08-26 06:50:16 +0000},
	Date-Modified = {2015-08-26 06:50:16 +0000},
	Journal = {Combust. Flame},
	Number = {3-4},
	Pages = {239--264},
	Title = {Simplifying chemical kinetics: intrinsic low-dimensional manifolds in composition space},
	Volume = {88},
	Year = {1992}}

@article{Banerjee:2006,
	Author = {I Banerjee and Marianthi Ierapetritou},
	Date-Added = {2015-08-26 06:05:46 +0000},
	Date-Modified = {2015-12-02 09:31:51 +0000},
	Journal = {Combust. Flame},
	Number = {3},
	Pages = {619--633},
	Title = {An adaptive reduction scheme to model reactive flow},
	Volume = {144},
	Year = {2006},
	Doi = {10.1016/j.combustflame.2005.10.001}}

@article{Liang:2009,
	Author = {L Liang and J Stevens and J T Farrell},
	Date-Added = {2015-08-26 06:05:46 +0000},
	Date-Modified = {2015-12-02 09:31:51 +0000},
	Journal = {Proc. Combust. Inst.},
	Number = {1},
	Pages = {527--534},
	Title = {A dynamic adaptive chemistry scheme for reactive flow computations},
	Volume = {32},
	Year = {2009},
	Doi = {10.1016/j.proci.2008.05.073}}

@article{Shi:2010,
	Author = {Yu Shi and Long Liang and Hai-Wen Ge and Rolf D Reitz},
	Date-Added = {2015-08-26 06:05:46 +0000},
	Date-Modified = {2015-12-02 09:31:51 +0000},
	Journal = {Combust. Theor. Model.},
	Number = {1},
	Pages = {69--89},
	Title = {Acceleration of the chemistry solver for modeling {DI} engine combustion using dynamic adaptive chemistry ({DAC}) schemes},
	Volume = {14},
	Year = {2010},
	Doi = {10.1080/13647830903548834}}

@article{Gou:2013eu,
	Author = {Gou, Xiaolong and Chen, Zheng and Sun, Wenting and Ju, Yiguang},
	Date-Added = {2015-08-26 06:05:46 +0000},
	Date-Modified = {2015-08-26 06:05:46 +0000},
	Journal = {Combust. Flame},
	Number = {2},
	Pages = {225--231},
	Title = {A dynamic adaptive chemistry scheme with error control for combustion modeling with a large detailed mechanism},
	Volume = {160},
	Year = {2013}}

@article{Yang:2013ip,
	Author = {Yang, Hongtao and Ren, Zhuyin and Lu, Tianfeng and Goldin, Graham M},
	Date-Added = {2015-08-26 06:05:46 +0000},
	Date-Modified = {2015-08-26 06:05:46 +0000},
	Journal = {Combust. Theor. Model.},
	Number = {1},
	Pages = {167--183},
	Title = {Dynamic adaptive chemistry for turbulent flame simulations},
	Volume = {17},
	Year = {2013}}

@article{Curtis:2015aa,
	Author = {Curtis, Nicholas J and Niemeyer, Kyle E and Sung, Chih Jen},
	Date-Added = {2015-08-26 06:01:43 +0000},
	Date-Modified = {2015-12-02 09:31:51 +0000},
	Journal = {Combust. Flame},
	Pages = {1358--1374},
	Volume = {162},
	Year = {2015},
	Title = {An automated target species selection method for dynamic adaptive chemistry simulations},
	Doi = {10.1016/j.combustflame.2014.11.004}}

@article{Niemeyer:2015wq,
	Author = {Niemeyer, Kyle E and Sung, Chih Jen},
	Date-Added = {2015-08-26 05:50:01 +0000},
	Date-Modified = {2015-12-02 09:31:51 +0000},
	Journal = {Energy Fuels},
	Number = {2},
	Pages = {1172--1185},
	Title = {Reduced chemistry for a gasoline surrogate valid at engine-relevant conditions},
	Volume = {29},
	Year = {2015},
	Doi = {10.1021/ef5022126}}

@article{Lu:2008bi,
	Author = {Lu, Tianfeng and Law, Chung K},
	Date-Added = {2015-08-26 05:48:35 +0000},
	Date-Modified = {2015-08-26 05:48:35 +0000},
	Journal = {Combust. Flame},
	Pages = {153--163},
	Title = {Strategies for mechanism reduction for large hydrocarbons: n-heptane},
	Volume = {154},
	Year = {2008}}

@article{Lu:2005,
	Author = {Tianfeng Lu and Chung K. Law},
	Date-Modified = {2015-12-02 09:31:51 +0000},
	Journal = {Proc. Combust. Inst.},
	Number = {1},
	Pages = {1333--1341},
	Volume = {30},
	Year = {2005},
	Doi = {10.1016/j.proci.2004.08.145},
	Title = {A directed relation graph method for mechanism reduction}}
	
@article{Niemeyer:2014,
	Author = {Niemeyer, Kyle Evan and Sung, Chih Jen},
	Date-Added = {2015-08-26 05:48:35 +0000},
	Date-Modified = {2015-12-02 09:31:51 +0000},
	Journal = {Combust. Flame},
	Number = {11},
	Pages = {2752--2764},
	Volume = {161},
	Year = {2014},
	Title = {Mechanism reduction for multicomponent surrogates: A case study using toluene reference fuels},
	Doi = {10.1016/j.combustflame.2014.05.001}}
	

@article{Lu:2007,
	Author = {Tianfeng Lu and Chung K Law},
	Date-Added = {2015-08-26 05:36:07 +0000},
	Date-Modified = {2015-12-02 09:31:51 +0000},
	Journal = {Combust. Flame},
	Number = {3},
	Pages = {117--126},
	Title = {Diffusion coefficient reduction through species bundling},
	Volume = {148},
	Year = {2007},
	Doi = {10.1016/j.combustflame.2006.10.004}}

@article{Gou:2010,
	Author = {Xiaolong Gou and Wenting Sun and Zheng Chen and Yiguang Ju},
	Date-Added = {2015-08-26 05:35:56 +0000},
	Date-Modified = {2015-12-02 09:31:51 +0000},
	Journal = {Combust. Flame},
	Number = {6},
	Pages = {1111--1121},
	Title = {A dynamic multi-timescale method for combustion modeling with detailed and reduced chemical kinetic mechanisms},
	Volume = {157},
	Year = {2010},
	Doi = {10.1016/j.combustflame.2010.02.020}}

@article{Lu:2001ve,
	Author = {Lu, Tianfeng and Ju, Yiguang and Law, Chung K},
	Date-Added = {2015-08-26 05:35:56 +0000},
	Date-Modified = {2015-08-26 05:35:56 +0000},
	Journal = {Combust. Flame},
	Number = {1-2},
	Pages = {1445--1455},
	Volume = {126},
	Year = {2001},
	Title = {Complex {CSP} for chemistry reduction and analysis}}

@article{Ahmed:2007fa,
	Author = {Ahmed, Syed Sayeed and Mau{\ss}, Fabian and Mor{\'e}ac, Gladys and Zeuch, Thomas},
	Date-Added = {2015-08-26 05:33:25 +0000},
	Date-Modified = {2015-12-02 09:31:51 +0000},
	Journal = {Phys. Chem. Chem. Phys.},
	Number = {9},
	Pages = {1107--1126},
	Title = {A comprehensive and compact \emph{n}-heptane oxidation model derived using chemical lumping},
	Volume = {9},
	Year = {2007},
	Doi = {10.1039/b614712g}}

@article{Pepiot:2008kq,
	Author = {Pepiot-Desjardins, Perrine and Pitsch, Heinz},
	Date-Added = {2015-08-26 05:33:25 +0000},
	Date-Modified = {2015-12-02 09:31:51 +0000},
	Journal = {Combust. Theor. Model.},
	Number = {6},
	Pages = {1089--1108},
	Title = {An automatic chemical lumping method for the reduction of large chemical kinetic mechanisms},
	Volume = {12},
	Year = {2008},
	Doi = {10.1080/13647830802245177}}

@article{Hiremath:2010jw,
	Author = {Hiremath, Varun and Ren, Zhuyin and Pope, Stephen B},
	Date-Added = {2015-08-26 05:29:37 +0000},
	Date-Modified = {2015-08-26 05:29:37 +0000},
	Journal = {Combust. Theor. Model.},
	Number = {5},
	Pages = {619--652},
	Title = {A greedy algorithm for species selection in dimension reduction of combustion chemistry},
	Volume = {14},
	Year = {2010}}

@article{Lu:2006bb,
	Author = {Lu, Tianfeng and Law, Chung K},
	Date-Added = {2015-08-26 05:29:37 +0000},
	Date-Modified = {2015-08-26 05:29:37 +0000},
	Journal = {Combust. Flame},
	Number = {1-2},
	Pages = {24--36},
	Title = {Linear time reduction of large kinetic mechanisms with directed relation graph: \emph{n}-heptane and iso-octane},
	Volume = {144},
	Year = {2006}}

@article{Niemeyer:2010bt,
	Author = {Kyle E Niemeyer and Chih Jen Sung and Mandhapati P Raju},
	Date-Added = {2015-08-26 05:29:37 +0000},
	Date-Modified = {2015-08-26 05:29:37 +0000},
	Journal = {Combust. Flame},
	Number = {9},
	Pages = {1760--1770},
	Volume = {157},
	Title = {Skeletal mechanism generation for surrogate fuels using directed relation graph with error propagation and sensitivity analysis},
	Year = {2010},
    Doi = {10.1016/j.combustflame.2009.12.022}}
	

@article{Pepiot-Desjardins:2008,
	Author = {Pepiot-Desjardins, Perrine and Pitsch, Heinz},
	Date-Added = {2015-08-26 05:29:37 +0000},
	Date-Modified = {2015-08-26 05:29:37 +0000},
	Journal = {Combust. Flame},
	Number = {1-2},
	Pages = {67--81},
	Volume = {154},
	Year = {2008},
	Title = {An efficient error-propagation-based reduction method for large chemical kinetic mechanisms}}

@book{Turanyi:2014aa,
	Address = {Berlin Heidelberg},
	Author = {Tur{\'a}nyi, Tam{\'a}s and Tomlin, Alison S},
	Date-Added = {2015-08-26 05:22:07 +0000},
	Date-Modified = {2015-12-02 09:31:51 +0000},
	Isbn = {978-3-662-44561-7},
	Publisher = {Springer-Verlag},
	Title = {Analysis of Kinetic Reaction Mechanisms},
	Year = {2014},
	Doi = {10.1007/978-3-662-44562-4}}

@article{Herbinet:2010gu,
	Author = {Herbinet, Olivier and Pitz, William J and Westbrook, Charles K},
	Date-Added = {2015-08-26 04:25:23 +0000},
	Date-Modified = {2015-12-02 09:31:51 +0000},
	Journal = {Combust. Flame},
	Number = {5},
	Pages = {893--908},
	Title = {Detailed chemical kinetic mechanism for the oxidation of biodiesel fuels blend surrogate},
	Volume = {157},
	Year = {2010},
	Doi = {10.1016/j.combustflame.2009.10.013}}

@article{Mehl:2011cn,
	Author = {Mehl, Marco and Pitz, William J and Westbrook, Charles K and Curran, Henry J},
	Date-Added = {2015-08-26 04:25:23 +0000},
	Date-Modified = {2015-12-02 09:31:51 +0000},
	Journal = {Proc. Combust. Inst.},
	Number = {1},
	Pages = {193--200},
	Title = {Kinetic modeling of gasoline surrogate components and mixtures under engine conditions},
	Volume = {33},
	Year = {2011},
	Doi = {10.1016/j.proci.2010.05.027}}

@article{Mehl:2011jn,
	Author = {Mehl, Marco and Chen, Jyh-Yuan and Pitz, William J and Sarathy, S Mani and Westbrook, Charles K},
	Date-Added = {2015-08-26 04:25:23 +0000},
	Date-Modified = {2015-12-02 09:31:51 +0000},
	Journal = {Energy Fuels},
	Number = {11},
	Pages = {5215--5223},
	Volume = {25},
	Year = {2011},
	Doi = {10.1021/ef201099y},
	Title = {An Approach for Formulating Surrogates for Gasoline with Application toward a Reduced Surrogate Mechanism for {CFD} Engine Modeling}}

@article{Sarathy:2011kx,
	Author = {Sarathy, S Mani and Westbrook, Charles K and Mehl, Marco and Pitz, William J and Togbe, Casimir and Dagaut, Philippe and Wang, Hai and Oehlschlaeger, Matthew A and Niemann, Ulrich and Seshadri, Kalyanasundaram and Veloo, Peter S and Ji, C and Egolfopoulos, Fokion N and Lu, Tianfeng F},
	Date-Added = {2015-08-26 04:19:14 +0000},
	Date-Modified = {2015-12-02 09:31:51 +0000},
	Journal = {Combust. Flame},
	Month = dec,
	Number = {12},
	Pages = {2338--2357},
	Volume = {158},
	Year = {2011},
	Doi = {10.1016/j.combustflame.2011.05.007},
	Title = {Comprehensive chemical kinetic modeling of the oxidation of 2-methylalkanes from {C}$_{7}$ to {C}$_{20}$}}
	
@book{Anderson:1999aa,
	Address = {Philadelphia, PA},
	Author = {Anderson, Edward and Bai, Zhaojun and Bischof, Christian and Blackford, Susan and Demmel, James and Dongarra, Jack and Du Croz, Jeremy and Greenbaum, Anne and Hammarling, S and McKenney, Alan and Sorensen, D},
	Date-Added = {2015-08-24 22:20:09 +0000},
	Date-Modified = {2015-08-24 22:21:52 +0000},
	Edition = {3rd},
	Publisher = {SIAM},
	Title = {{LAPACK} Users' Guide},
	Year = {1999}}

@article{Richardson:1911cl,
	Author = {Richardson, L F},
	Date-Added = {2015-08-24 22:15:12 +0000},
	Date-Modified = {2015-08-24 22:15:12 +0000},
	Journal = {Phil. Trans. R. Soc. A},
	Pages = {307--357},
	Title = {The Approximate Arithmetical Solution by Finite Differences of Physical Problems Involving Differential Equations, with an Application to the Stresses in a Masonry Dam},
	Volume = {210},
	Year = {1911}}

@article{Lyness:1966aa,
	Author = {Lyness, J N and Moler, C B},
	Date-Added = {2015-08-24 22:15:12 +0000},
	Date-Modified = {2015-08-24 22:15:12 +0000},
	Journal = {Numer. Math.},
	Number = {5},
	Pages = {458--464},
	Title = {{Van der Monde} systems and numerical differentiation},
	Volume = {8},
	Year = {1966}}

@article{Lyness:1969bt,
	Author = {Lyness, J N and Moler, C B},
	Date-Added = {2015-08-24 22:15:12 +0000},
	Date-Modified = {2015-08-24 22:15:12 +0000},
	Journal = {Numer. Math.},
	Number = {1},
	Pages = {1--13},
	Title = {Generalized {Romberg} methods for integrals of derivatives},
	Volume = {14},
	Year = {1969}}

@article{Martins:2003fv,
	Author = {Martins, Joaquim R R A and Sturdza, Peter and Alonso, Juan J},
	Date-Added = {2015-08-24 21:20:34 +0000},
	Date-Modified = {2015-12-02 09:31:51 +0000},
	Journal = {ACM Trans. Math. Software},
	Number = {3},
	Pages = {245--262},
	Title = {The complex-step derivative approximation},
	Volume = {29},
	Year = {2003},
	Doi = {10.1145/838250.838251}}

@article{Shampine:2007gw,
	Author = {Shampine, L F},
	Date-Added = {2015-08-24 21:20:34 +0000},
	Date-Modified = {2015-12-02 09:31:51 +0000},
	Journal = {ACM T. Math. Software},
	Month = aug,
	Number = {4},
	Pages = {26},
	Title = {Accurate numerical derivatives in {MATLAB}},
	Volume = {33},
	Year = {2007},
	Doi = {10.1145/1268776.1268781}}

@article{Ridout:2009fn,
	Author = {Ridout, Martin S},
	Date-Added = {2015-08-24 21:20:34 +0000},
	Date-Modified = {2015-12-02 09:31:51 +0000},
	Journal = {Am. Stat.},
	Month = feb,
	Number = {1},
	Pages = {66--74},
	Title = {Statistical Applications of the Complex-Step Method of Numerical Differentiation},
	Volume = {63},
	Year = {2009},
	Doi = {10.1198/tast.2009.0013}}

@article{Lam:1988wc,
	Author = {Lam, Sau-Hai and Goussis, Dimitris A},
	Date-Added = {2015-08-23 20:53:38 +0000},
	Date-Modified = {2015-08-23 20:53:38 +0000},
	Journal = {Symp. (Int.) Combust.},
	Month = aug,
	Pages = {931--941},
	Volume = {22},
	Year = {1988},
	Title = {Understanding complex chemical kinetics with computational singular perturbation}}

@article{Lam:1993ub,
	Author = {Lam, Sau-Hai},
	Date-Added = {2015-08-23 20:53:38 +0000},
	Date-Modified = {2015-08-23 20:53:38 +0000},
	Journal = {Combust. Sci. Technol.},
	Number = {5-6},
	Pages = {375--404},
	Title = {Using {CSP} to Understand Complex Chemical Kinetics},
	Volume = {89},
	Year = {1993}}

@article{Lam:1994ws,
	Annote = {Good resource for CSP - specifically mentions A and B are right and left eigenvectors

Gives examples of CSP refinement

Eigenvectors of J are time-depedent but provide good trial basis vectors A and B},
	Author = {Lam, Sau-Hai and Goussis, Dimitris A},
	Date-Added = {2015-08-23 20:53:38 +0000},
	Date-Modified = {2015-08-23 20:53:38 +0000},
	Journal = {Int. J. Chem. Kinet.},
	Number = {4},
	Pages = {461--486},
	Title = {The {CSP} Method for Simplying Kinetics},
	Volume = {26},
	Year = {1994}}

@article{Lam:2007jq,
	Author = {Lam, Sau-Hai},
	Date-Added = {2015-08-23 20:53:38 +0000},
	Date-Modified = {2015-12-02 09:31:51 +0000},
	Journal = {Combust. Sci. Technol.},
	Number = {4},
	Pages = {767--786},
	Title = {Reduced chemistry-diffusion coupling},
	Volume = {179},
	Year = {2007},
	Doi = {10.1080/00102200601093498}}

@article{LU:2010hp,
	Author = {Lu, T F and Yoo, C S and Chen, J H and Law, Chung K},
	Date-Added = {2015-08-23 20:48:15 +0000},
	Date-Modified = {2015-12-02 09:31:51 +0000},
	Journal = {J. Fluid Mech.},
	Month = may,
	Pages = {45--64},
	Title = {Three-dimensional direct numerical simulation of a turbulent lifted hydrogen jet flame in heated coflow: a chemical explosive mode analysis},
	Volume = {652},
	Year = {2010},
	Doi = {10.1017/S002211201000039X}}

@article{Luo:2012hk,
	Author = {Luo, Zhaoyu and Yoo, Chun Sang and Richardson, Edward S and Chen, Jacqueline H and Law, Chung K and Lu, Tianfeng F},
	Date-Added = {2015-08-23 20:48:15 +0000},
	Date-Modified = {2015-12-02 09:31:51 +0000},
	Journal = {Combust. Flame},
	Month = jan,
	Number = {1},
	Pages = {265--274},
	Title = {Chemical explosive mode analysis for a turbulent lifted ethylene jet flame in highly-heated coflow},
	Volume = {159},
	Year = {2012},
	Doi = {10.1016/j.combustflame.2011.05.023}}

@article{Shan:2012dy,
	Author = {Shan, Ruiqin and Yoo, Chun Sang and Chen, Jacqueline H and Lu, Tianfeng F},
	Date-Added = {2015-08-23 20:48:15 +0000},
	Date-Modified = {2015-12-02 09:31:51 +0000},
	Journal = {Combust. Flame},
	Month = oct,
	Number = {10},
	Pages = {3119--3127},
	Title = {Computational diagnostics for \emph{n}-heptane flames with chemical explosive mode analysis},
	Volume = {159},
	Year = {2012},
	Doi = {10.1016/j.combustflame.2012.05.012}}

@book{Shampine:1994aa,
	Address = {New York},
	Author = {Shampine, L F},
	Date-Added = {2015-08-23 20:37:00 +0000},
	Date-Modified = {2015-08-23 20:55:21 +0000},
	Publisher = {Chapman \& Hall},
	Title = {Numerical Solution of Ordinary Differential Equations},
	Year = {1994}}

@article{Hindmarsh:2005hg,
	Author = {Hindmarsh, Alan C and Brown, Peter N and Grant, Keith E and Lee, Steven L and Serban, Radu and Shumaker, Dan E and Woodward, Carol S},
	Date-Added = {2015-08-23 19:46:24 +0000},
	Date-Modified = {2015-12-02 09:31:51 +0000},
	Journal = {ACM T. Math. Softw.},
	Month = sep,
	Number = {3},
	Pages = {363--396},
	Volume = {31},
	Year = {2005},
	Title = {{SUNDIALS}: Suite of nonlinear and differential/algebraic equation solvers},
	Doi = {10.1145/1089014.1089020}}

@misc{Niemeyer:2015im,
	Author = {Kyle E Niemeyer and Nicholas J Curtis and Chih Jen Sung},
	Date-Added = {2015-08-23 19:13:21 +0000},
	Date-Modified = {2015-08-27 03:35:47 +0000},
	Howpublished = {\href{https://github.com/kyleniemeyer/pyJac}{\nolinkurl{https://github.com/kyleniemeyer/pyJac}}},
	Month = aug,
	Title = {\texttt{pyJac}},
	Year = {2016}}
	
@misc{niemeyer_2016_51139,
  author       = {Niemeyer, Kyle Evan and Curtis, Nicholas James},
  title        = {\texttt{pyJac} v1.0.1},
  month        = may,
  year         = 2016,
  doi          = {10.5281/zenodo.53100},
}
%  Howpublished = {\href{http://dx.doi.org/10.5281/zenodo.51139}{\nolinkurl{http://dx.doi.org/10.5281/zenodo.51139}}},
	
@misc{2016arXiv160503262N,
  author = {Niemeyer, Kyle E and Curtis, N J and Sung, C J},
  title = {\texttt{pyJac}: analytical {Jacobian} generator for chemical kinetics},
  year = 2016,
  month = may,
  Note = {Under review. {\tt \href{http://arxiv.org/abs/1605.03262}{arXiv:1605.03262} [physics.comp-ph]}}
}
%  archivePrefix = {arXiv},
%  eprint = {1605.03262},
%  primaryClass = "physics.comp-ph",

@inproceedings{Niemeyer:2015ws,
	Author = {Kyle E. Niemeyer and Nicholas J. Curtis and Chih-Jen Sung},
	Booktitle = {Fall 2015 Meeting of the West. States Sect. Combust. Inst.},
	Location = {Provo, UT, USA},
	Month = oct,
	Title = {Initial investigation of \texttt{pyJac}: an analytical Jacobian generator for chemical kinetics},
	Doi = {10.6084/m9.figshare.2075515},
	Year = {2015}}

@misc{Brodtkorb:2015aa,
	Author = {Per A Brodtkorb and John D'Errico},
	Date-Added = {2015-08-23 18:51:25 +0000},
	Date-Modified = {2015-08-28 19:12:44 +0000},
	Howpublished = {\href{https://github.com/pbrod/numdifftools}{\nolinkurl{https://github.com/pbrod/numdifftools}}},
	Month = aug,
	Title = {\texttt{numdifftools} 0.9.11},
	Year = {2015}}

@article{Correa:1993ud,
	Author = {Correa, Sanjay M},
	Date-Added = {2015-08-18 06:47:18 +0000},
	Date-Modified = {2015-12-02 09:31:51 +0000},
	Journal = {Combust. Flame},
	Number = {1--2},
	Pages = {41--60},
	Title = {Turbulence-Chemistry Interactions in the Intermediate Regime of Premixed Combustion},
	Volume = {93},
	Year = {1993},
	Doi = {10.1016/0010-2180(93)90083-F}}

@article{Chen:1997ta,
	Author = {Chen, Jyh-Yuan},
	Date-Added = {2015-08-18 06:47:18 +0000},
	Date-Modified = {2015-12-02 09:31:51 +0000},
	Journal = {Combust. Sci. Technol.},
	Number = {1--6},
	Pages = {63--94},
	Volume = {122},
	Year = {1997},
	Title = {Stochastic modeling of partially stirred reactors},
	Doi = {10.1080/00102209708935605}}
	
@article{Pope:1997wu,
	Author = {Pope, Stephen B},
	Date-Added = {2015-08-18 06:47:18 +0000},
	Date-Modified = {2015-12-02 09:31:51 +0000},
	Journal = {Combust. Theor. Model.},
	Number = {1},
	Pages = {41--63},
	Volume = {1},
	Year = {1997},
	Title = {Computationally efficient implementation of combustion chemistry using in situ adaptive tabulation},
	Doi = {10.1080/713665229}}
	
@article{Tonse:1999aa,
	Author = {Tonse, Shaheen R. and Moriarty, Nigel W. and Brown, Nancy J. and Frenklach, Michael},
	Date-Modified = {2015-12-02 09:31:51 +0000},
	Journal = {Israel J. Chem.},
	Number = {1},
	Pages = {97--106},
	Title = {{PRISM}: Piecewise Reusable Implementation of Solution Mapping. An Economical Strategy for Chemical Kinetics},
	Volume = {39},
	Year = {1999},
	Doi = {10.1002/ijch.199900010}}

@article{Christo1996,
	Author = {F.C. Christo and A.R. Masri and E.M. Nebot and S.B. Pope},
	Date-Modified = {2015-12-02 09:31:51 +0000},
	Journal = {Proc. Combust. Inst.},
	Number = {1},
	Pages = {43--48},
	Volume = {26},
	Year = {1996},
	Doi = {10.1016/S0082-0784(96)80198-6},
	Title = {An integrated {PDF}\slash neural network approach for simulating turbulent reacting systems}}

@article{Bhave:2004hc,
	Author = {Bhave, Amit and Kraft, Markus},
	Date-Added = {2015-08-18 06:47:18 +0000},
	Date-Modified = {2015-12-02 09:31:51 +0000},
	Journal = {SIAM J. Sci. Comput.},
	Number = {5},
	Pages = {1798--1823},
	Title = {Partially Stirred Reactor Model: Analytical Solutions and Numerical Convergence Study of a {PDF}/{Monte Carlo} Method},
	Volume = {25},
	Year = {2004},
	Doi = {10.1137/S1064827502411328}}

@article{Ren:2004fz,
	Author = {Ren, Zhuyin and Pope, Stephen B},
	Date-Added = {2015-08-18 06:47:18 +0000},
	Date-Modified = {2015-12-02 09:31:51 +0000},
	Journal = {Combust. Flame},
	Number = {1-2},
	Pages = {208--216},
	Volume = {136},
	Year = {2004},
	Doi = {10.1016/j.combustflame.2003.09.014},
	Title = {An investigation of the performance of turbulent mixing models}}

@article{Ren:2014cd,
	Author = {Ren, Zhuyin and Liu, Yufeng and Lu, Tianfeng F and Lu, Liuyan and Oluwole, Oluwayemisi O and Goldin, Graham M},
	Date-Added = {2015-08-18 06:47:18 +0000},
	Date-Modified = {2015-12-02 09:31:51 +0000},
	Journal = {Combust. Flame},
	Number = {1},
	Pages = {127--137},
	Volume = {161},
	Year = {2014},
	Title = {The use of dynamic adaptive chemistry and tabulation in reactive flow simulations},
	Doi = {10.1016/j.combustflame.2013.08.018}}

@article{Hansen:2013fe,
	Author = {Hansen, Nils and Merchant, Shamel S and Harper, Michael R and Green, William H},
	Date-Added = {2015-07-28 21:11:29 +0000},
	Date-Modified = {2015-12-02 09:31:51 +0000},
	Journal = {Combust. Flame},
	Month = nov,
	Number = {11},
	Pages = {2343--2351},
	Volume = {160},
	Year = {2013},
	Doi = {10.1016/j.combustflame.2013.05.013},
    Title = {The predictive capability of an automatically generated combustion chemistry mechanism: Chemical structures of premixed \emph{iso}-butanol flames}}

@article{Merchant:2013kz,
	Author = {Merchant, Shamel S and Zanoelo, Everton Fernando and Speth, Raymond L and Harper, Michael R and Van Geem, Kevin M and Green, William H},
	Date-Added = {2015-07-28 21:11:29 +0000},
	Date-Modified = {2015-12-02 09:31:51 +0000},
	Journal = {Combust. Flame},
	Month = oct,
	Number = {10},
	Pages = {1907--1929},
	Title = {Combustion and pyrolysis of \emph{iso}-butanol: Experimental and chemical kinetic modeling study},
	Volume = {160},
	Year = {2013},
	Doi = {10.1016/j.combustflame.2013.04.023}}

@article{VanGeem:2010ca,
	Author = {Van Geem, Kevin M and Pyl, Steven P and Marin, Guy B and Harper, Michael R and Green, William H},
	Date-Added = {2015-07-28 21:11:29 +0000},
	Date-Modified = {2015-12-02 09:31:51 +0000},
	Journal = {Ind. Eng. Chem. Res.},
	Month = nov,
	Number = {21},
	Pages = {10399--10420},
	Title = {Accurate High-Temperature Reaction Networks for Alternative Fuels: Butanol Isomers},
	Volume = {49},
	Year = {2010},
	Doi = {10.1021/ie1005349}}

@misc{Wang:2007,
	Author = {Hai Wang and Xiaoqing You and Ameya V Joshi and Scott G Davis and Alexander Laskin and Fokion Egolfopoulos and Chung K Law},
    Title = {{USC Mech Version II}.\ {High}-Temperature Combustion Reaction Model of {H}$_2$\slash{CO}\slash{C}$_1$--{C}$_4$ Compounds},
	Date-Added = {2015-07-22 13:23:25 +0000},
	Date-Modified = {2015-07-22 13:23:25 +0000},
	Howpublished = {\href{http://ignis.usc.edu/USC_Mech_II.htm}{\nolinkurl{http://ignis.usc.edu/USC_Mech_II.htm}}},
	Month = {May},
	Year = {2007}}

@article{Burke:2011fh,
	Author = {Burke, Michael P and Chaos, Marcos and Ju, Yiguang and Dryer, Frederick L and Klippenstein, Stephen J},
	Date-Added = {2015-07-22 13:21:29 +0000},
	Date-Modified = {2015-07-22 13:21:29 +0000},
	Journal = {Int. J. Chem. Kinet.},
	Number = {7},
	Pages = {444--474},
	Volume = {44},
	Title = {Comprehensive \ce{H2}\slash \ce{O2} kinetic model for high-pressure combustion},
	Doi = {10.1002/kin.20603},
	Year = {2011}}

@article{Nickolls:2008aa,
	Author = {Nickolls, John and Buck, Ian and Garland, Michael and Skadron, Kevin},
	Date-Modified = {2015-12-02 09:31:51 +0000},
	Journal = {Queue},
	Month = mar,
	Number = {2},
	Pages = {40--53},
	Title = {Scalable Parallel Programming with {CUDA}},
	Volume = {6},
	Year = {2008},
	Doi = {10.1145/1365490.1365500}}

@article{frigo2005design,
	Author = {Frigo, Matteo and Johnson, Steven G},
	Journal = {Proc. IEEE},
	Number = {2},
	Pages = {216--231},
	Publisher = {IEEE},
	Volume = {93},
	Title = {The design and implementation of FFTW3},
	Doi = {10.1109/JPROC.2004.840301},
	Year = {2005}}

@article{Sewerin20151375,
	Author = {Fabian Sewerin and Stelios Rigopoulos},
	Date-Modified = {2015-12-02 09:31:51 +0000},
	Journal = {Combust. Flame},
	Number = {4},
	Pages = {1375--1394},
	Volume = {162},
	Year = {2015},
	Title = {A methodology for the integration of stiff chemical kinetics on {GPUs}},
	Doi = {10.1016/j.combustflame.2014.11.003}}

@book{wanner1991solving,
  title={Solving ordinary differential equations II},
  author={Wanner, G and Hairer, E},
  edition={2},
  year={1996},
  doi={10.1007/978-3-642-05221-7},
  publisher={Springer-Verlag, Berlin}
}

@article{Le2013596,
	Author = {Hai P. Le and Jean-Luc Cambier and Lord K. Cole},
	Date-Modified = {2015-12-02 09:31:51 +0000},
	Journal = {Comput. Phys. Comm.},
	Number = {3},
	Pages = {596--606},
	Volume = {184},
	Year = {2013},
	Title = {{GPU}-based flow simulation with detailed chemical kinetics},
	Doi = {10.1016/j.cpc.2012.10.013}}

@article{McNenly2015581,
	Author = {Matthew J. McNenly and Russell A. Whitesides and Daniel L. Flowers},
	Date-Modified = {2015-12-02 09:31:51 +0000},
	Journal = {Proc. Combust. Inst.},
	Number = {1},
	Pages = {581--587},
	Volume = {35},
	Year = {2015},
	Title = {Faster solvers for large kinetic mechanisms using adaptive preconditioners},
	Doi = {10.1016/j.proci.2014.05.113}}

@article{falati2011integration,
  author={Falati, M and Hojjati, G},
  journal={J. Math. Chem.},
  volume={49},
  number={10},
  pages={2210--2230},
  year={2011},
  title={Integration of chemical stiff ODEs using exponential propagation method},
  doi={10.1007/s10910-011-9881-9},
  publisher={Springer}
}

@article{Perini20141180,
	Author = {Federico Perini and Emanuele Galligani and Rolf D. Reitz},
	Date-Modified = {2015-12-02 09:31:51 +0000},
	Journal = {Combust. Flame},
	Number = {5},
	Pages = {1180--1195},
	Volume = {161},
	Year = {2014},
	Title = {A study of direct and {Krylov} iterative sparse solver techniques to approach linear scaling of the integration of chemical kinetics with detailed combustion mechanisms},
	Doi = {10.1016/j.combustflame.2013.11.017}}

@article{Hochbruck:1997,
	author = {Hochbruck, Marlis and Lubich, Christian},
	journal = {SIAM J. Numer. Anal.},
	volume = {34},
	number = {5},
	month = oct,
	year = {1997},
	issn = {0036-1429},
	pages = {1911--1925},
	title = {On {Krylov} Subspace Approximations to the Matrix Exponential Operator},
	Doi = {10.1137/S0036142995280572},
}

@article{ANU:7701740,
author = {Hochbruck,Marlis and Ostermann,Alexander},
journal = {Acta Numer.},
volume = {19},
month = {5},
year = {2010},
issn = {1474-0508},
pages = {209--286},
numpages = {78},
title = {Exponential integrators},
doi = {10.1017/S0962492910000048},
}

@article{Niemeyer:2014aa,
	Author = {Niemeyer, Kyle E. and Sung, Chih-Jen},
	Date-Modified = {2015-12-02 09:31:51 +0000},
	Journal = {J. Comput. Phys.},
	Pages = {854--871},
	Volume = {256},
	Year = {2014},
	Title = {Accelerating moderately stiff chemical kinetics in reactive-flow simulations using {GPUs}},
	Doi = {10.1016/j.jcp.2013.09.025}}

@inproceedings{Niemeyer:2011aa,
	Author = {Niemeyer, Kyle Evan and Sung, Chih-Jen and Fotache, Catalin G. and Lee, Jeremiah C.},
	Booktitle = {7th Fall Technical Meet. East. States Sect. Combust. Inst.},
	Date-Modified = {2015-08-26 07:43:51 +0000},
	Location = {Storrs, {CT}, {USA}},
	Month = oct,
	Title = {Turbulence-chemistry closure method using graphics processing units: a preliminary test},
	Year = {2011}}

@article{Shi:2012aa,
	Author = {Shi, Yu and Green, William H. and Wong, Hsi-Wu and Oluwole, Oluwayemisi O.},
	Date-Modified = {2015-12-02 09:31:51 +0000},
	Journal = {Combust. Flame},
	Number = {7},
	Pages = {2388--2397},
	Volume = {159},
	Year = {2012},
	Title = {Accelerating multi-dimensional combustion simulations using {GPU} and hybrid explicit\slash implicit {ODE} integration},
	Doi = {10.1016/j.combustflame.2012.02.016}}

@article{Shi:2011aa,
	Author = {Shi, Yu and Jr, William H. Green and Wong, Hsi-Wu and Oluwole, Oluwayemisi O.},
	Date-Modified = {2015-12-02 09:31:51 +0000},
	Journal = {Combust. Flame},
	Number = {5},
	Pages = {836--847},
	Volume = {158},
	Year = {2011},
	Title = {Redesigning combustion modeling algorithms for the Graphics Processing Unit ({GPU}): Chemical kinetic rate evaluation and ordinary differential equation integration},
	Doi = {10.1016/j.combustflame.2011.01.024}}

@incollection{Spafford:2010aa,
	Address = {Berlin, Heidelberg},
	Author = {Spafford, Kyle and Meredith, Jeremy and Vetter, Jeffrey and Chen, Jacqueline and Grout, Ray and Sankaran, Ramanan},
	Booktitle = {Euro-Par 2009 Parallel Processing Workshops, LNCS 6043},
	Date-Modified = {2015-12-02 09:31:51 +0000},
	Pages = {122--131},
	Publisher = {Springer-Verlag},
	Title = {Accelerating {S3D}: A {GPGPU} Case Study},
	Year = {2010},
	Doi = {10.1007/978-3-642-14122-5_16}}

@article{CHEN:2009s3d,
	Author = {J H Chen and A Choudhary and B de Supinski and M DeVries and E R Hawkes and S Klasky and W K Liao and K L Ma and J Mellor-Crummey and N Podhorszki and R Sankaran and S Shende and C S Yoo},
	Journal = {Computational Science \& Discovery},
	Number = {1},
	Pages = {015001},
	Title = {Terascale direct numerical simulations of turbulent combustion using {S3D}},
	Volume = {2},
	Year = {2009}}
	
@inproceedings{stone2014comparison,
  Title={Comparison of {ODE} Solvers for Chemical Kinetics and Reactive {CFD} Applications},
  Author={Stone, Christopher P and Bisetti, Fabrizio},
  Booktitle={AIAA 52nd Aerospace Sciences Meeting (National Harbor, MD)},
  Doi={10.2514/6.2014-0822},
  Year={2014}
}

@article{Stone:2013aa,
	Author = {Stone, Christopher P and Davis, Roger L},
	Date-Modified = {2015-12-02 09:31:51 +0000},
	Journal = {J. Propul. Power},
	Number = {4},
	Pages = {764--773},
	Volume = {29},
	Year = {2013},
	Title = {Techniques for solving stiff chemical kinetics on graphical processing units},
	Doi = {10.2514/1.B34874}}

@misc{smith_gri-mech_30,
	Author = {Smith, Gregory P. and Golden, David M. and Frenklach, Michael and Moriarty, Nigel W. and Eiteneer, Boris and Goldenberg, Mikhail and Bowman, C. Thomas and Hanson, Ronald K. and Song, Soonho and Gardiner, William C. and Lissianski, Vitali V. and Qin, Zhiwei},
	Date-Modified = {2015-12-02 09:31:51 +0000},
	Howpublished = {\url{http://www.me.berkeley.edu/gri_mech/}},
	Title = {{GRI}-{Mech} 3.0},
	Bdsk-Url-1 = {http://www.me.berkeley.edu/gri_mech/}}

@misc{Goodwin:2014aa,
	Author = {David G. Goodwin and Harry K. Moffat and Raymond L. Speth},
	Date-Added = {2015-04-15 00:30:54 +0000},
	Date-Modified = {2015-04-15 00:32:15 +0000},
	Howpublished = {\url{http://www.cantera.org}},
	Note = {Version 2.1.2},
	Title = {Cantera: An Object-oriented Software Toolkit for Chemical Kinetics, Thermodynamics, and Transport Processes},
	Year = {2014}}

@misc{chemkin:2012,
	Author = {{Reaction Design: San Diego}},
	Date-Added = {2015-04-15 00:28:53 +0000},
	Date-Modified = {2015-04-15 00:28:53 +0000},
	Title = {{CHEMKIN-PRO} 15113},
	Year = {2012}}

@techreport{Gordon:1976wp,
	Author = {Gordon, S and McBride, B J},
	Date-Added = {2015-04-08 16:50:10 +0000},
	Date-Modified = {2015-04-15 23:41:21 +0000},
	Institution = {NASA Lewis Research Center},
	Month = mar,
	Number = {NASA-SP-273},
	Title = {Computer Program for Calculation of Complex Chemical Equilibrium Compositions, Rocket Performance, Incident and Reflected Shocks, and {Chapman}-{Jouguet} Detonations},
	Year = {1976}}

@book{Oran:2001aa,
	Address = {Cambridge},
	Author = {Oran, Elaine S and Boris, Jay P},
	Date-Added = {2015-04-07 18:07:50 +0000},
	Date-Modified = {2015-04-07 18:09:03 +0000},
	Edition = {2nd},
	Publisher = {Cambridge University Press},
	Title = {Numerical Simulation of Reactive Flow},
	Year = {2001}}

@article{Venkatesh:1997hv,
	Author = {Venkatesh, Prasana K and Dean, Anthony M and Cohen, Morrel H and Carr, Robert W},
	Date-Added = {2015-04-07 17:30:12 +0000},
	Date-Modified = {2015-12-02 09:31:51 +0000},
	Journal = {Rev. Chem. Eng.},
	Month = mar,
	Number = {1},
	Pages = {1--67},
	Title = {{Chebyshev} Expansions and Sensitivity Analysis for Approximating the Temperature- and Pressure-Dependence of Chemically-Activated Reactions},
	Volume = {13},
	Year = {1997},
	Bdsk-Url-1 = {http://dx.doi.org/10.1515/REVCE.1997.13.1.1}}
	

@article{Schwer2002270,
	journal = {Combust. Flame},
	volume = {128},
	number = {3},
	pages = {270 - 291},
	year = {2002},
	issn = {0010-2180},
	author = {Douglas A Schwer and John E Tolsma and William H Green Jr and Paul I Barton},
	title = {On upgrading the numerics in combustion chemistry codes},
	doi = {10.1016/S0010-2180(01)00352-2}
}

@article{Lu:2009gh,
	Author = {Lu, Tianfeng and Law, Chung K},
	Date-Added = {2015-04-07 06:23:08 +0000},
	Date-Modified = {2015-04-07 06:23:08 +0000},
	Journal = {Prog. Energy Comb. Sci.},
	Number = {2},
	Pages = {192--215},
	Volume = {35},
	Doi = {10.1016/j.pecs.2008.10.002},
	Title = {Toward accommodating realistic fuel chemistry in large-scale computations},
	Year = {2009}}

@article{Bischof:1996cc,
	Author = {Bischof, C and Khademi, P and Mauer, A and Carle, A},
	Date-Modified = {2015-04-07 01:30:03 +0000},
	Journal = {IEEE Comput. Sci. Eng.},
	Number = {3},
	Pages = {18--32},
	Title = {Adifor 2.0: Automatic Differentiation of {Fortran} 77 Programs},
	Volume = {3},
	Year = {1996}}

@article{Bisetti:2012jw,
	Author = {Bisetti, Fabrizio},
	Date-Modified = {2015-04-07 01:31:27 +0000},
	Journal = {Combust. Theor. Model.},
	Number = {3},
	Pages = {387--418},
	Volume = {16},
	Title = {Integration of large chemical kinetic mechanisms via exponential methods with {Krylov} approximations to {Jacobian} matrix functions},
	Doi = {10.1080/13647830.2011.631032},
	Year = {2012}}

@article{trefethen:2006,
	Author = {Trefethen, L. N. and Weideman, J. A. C. and Schmelzer, T.},
	Date-Modified = {2015-12-02 09:31:51 +0000},
	Journal = {BIT Numer. Math.},
	Number = {3},
	Pages = {653-670},
	Volume = {46},
	Title = {Talbot quadratures and rational approximations},
	Doi={10.1007/s10543-006-0077-9},
	Year = {2006}}

@inbook{stewart:1998,
	title={Matrix Algorithms: Volume 1: Basic Decompositions},
	author={Stewart, G. W.},
	isbn={9780898714142},
	lccn={98022445},
	year={1998},
	publisher={SIAM},
	Doi={10.1137/1.9781611971408},
	address={Philadelphia}
}

@book{datta2010numerical,
  title={Numerical linear algebra and applications},
  author={Datta, Biswa Nath},
  year={2010},
  publisher={SIAM}
}

@article{saad:1992,
    author = {Y. Saad},
    journal = {SIAM J. on Numer. Anal.},
    volume = {29},
    number = {1},
    pages = {209-228},
    year = {1992},
    Title = {Analysis of Some Krylov Subspace Approximations to the Matrix Exponential Operator},
    Doi = {10.1137/0729014}
}

@article{gallopoulos:1992,
	Author = {E. Gallopoulos and Y. Saad},
	Date-Modified = {2015-12-02 09:31:51 +0000},
	Journal = {SIAM J. Sci. Stat. Comp.},
	Number = {5},
	Pages = {1236-1264},
	Volume = {13},
	Year = {1992},
	Title = {Efficient Solution of Parabolic Equations by {Krylov} Approximation Methods},
	Doi = {10.1137/0913071}}
	
@article{Hochbruck:1998,
	Author = {Hochbruck, Marlis and Lubich, Christian and Selhofer, Hubert},
	Date-Modified = {2015-12-02 09:31:51 +0000},
	Issue_Date = {Sept. 1998},
	Journal = {SIAM J. Sci. Comput.},
	Month = sep,
	Number = {5},
	Pages = {1552--1574},
	Volume = {19},
	Year = {1998},
	Title = {Exponential Integrators for Large Systems of Differential Equations},
	doi = {10.1137/S1064827595295337}}

@article{Hockbruck:2009,
	Author = {Marlis Hochbruck and Alexander Ostermann and Julia Schweitzer},
	Date-Modified = {2015-12-02 09:31:51 +0000},
	Journal = {SIAM J. Numer. Anal.},
	Number = {1},
	Pages = {786--803},
	Volume = {47},
	Year = {2009},
	Title = {Exponential {Rosenbrock}-Type Methods},
	doi = {10.1137/080717717}}
	
@article{Chang:2000gy,
	Author = {Chang, A Y and Bozzelli, J W and Dean, A M},
	Date-Modified = {2015-04-07 01:30:27 +0000},
	Journal = {Z. Phys. Chem.},
	Month = nov,
	Number = {11/2000},
	Pages = {1--36},
	Title = {Kinetic Analysis of Complex Chemical Activation and Unimolecular Dissociation Reactions using {QRRK} Theory and the Modified Strong Collision Approximation},
	Volume = {214},
	Year = {2000}}

@book{Chase:1998ui,
	Address = {Gaithersburg, MD, USA},
	Author = {Chase, M W},
	Date-Modified = {2015-04-07 01:30:15 +0000},
	Edition = {4th},
	Publisher = {American Institute of Physics and American Chemical Society},
	Title = {{NIST-JANAF} Thermochemical Tables},
	Year = {1998}}

@article{Dijkmans:2014bb,
	Author = {Dijkmans, Thomas and Schietekat, Carl M and Van Geem, Kevin M and Marin, Guy B},
	Date-Modified = {2015-12-02 09:31:51 +0000},
	Journal = {Comput. Chem. Eng.},
	Pages = {521--531},
	Volume = {71},
	Year = {2014},
	Doi = {10.1016/j.compchemeng.2014.09.016},
	Title = {{GPU} based simulation of reactive mixtures with detailed chemistry in combination with tabulation and an analytical {Jacobian}}}

@article{Gilbert:1983bb,
	Author = {Gilbert, R G and Luther, K and Troe, J},
	Date-Modified = {2015-04-15 01:38:36 +0000},
	Journal = {Ber. Bunsenges. Phys. Chem.},
	Month = feb,
	Number = {2},
	Pages = {169--177},
	Title = {Theory of Thermal Unimolecular Reactions in the Fall-off Range. {II}. {Weak} Collision Rate Constants},
	Volume = {87},
	Year = {1983}}

@book{Glassman:2008tq,
	Address = {Burlington, MA},
	Author = {Glassman, I and Yetter, Richard A},
	Edition = {4th},
	Publisher = {Academic Press},
	Title = {{Combustion}},
	Year = {2008}}

@book{Law:2006tu,
	Address = {New York},
	Author = {Law, Chung K},
	Publisher = {Cambridge University Press},
	Title = {{Combustion Physics}},
	Year = {2006}}

@article{Lindemann:1922cz,
	Author = {Lindemann, F A and Arrhenius, Svante and Langmuir, Irving and Dhar, N R and Perrin, J and McC Lewis, W C},
	Date-Modified = {2015-07-28 06:33:30 +0000},
	Journal = {Trans. Faraday Soc.},
	Pages = {598--606},
	Title = {Discussion on ``the radiation theory of chemical action''},
	Volume = {17},
	Year = {1922}}

@article{Perini:2012gy,
	Author = {Perini, Federico and Galligani, Emanuele and Reitz, Rolf D},
	Date-Modified = {2015-12-02 09:31:51 +0000},
	Journal = {Energy Fuels},
	Month = aug,
	Number = {8},
	Pages = {4804--4822},
	Volume = {26},
	Year = {2012},
	Title = {An Analytical {Jacobian} Approach to Sparse Reaction Kinetics for Computationally Efficient Combustion Modeling with Large Reaction Mechanisms},
	doi = {10.1021/ef300747n}}

@techreport{Safta:2011vn,
	Author = {Safta, Cosmin and Najm, Habib N and Knio, Omar M},
	Date-Modified = {2015-04-07 01:31:14 +0000},
	Institution = {Sandia National Laboratories},
	Month = may,
	Number = {SAND2011-3282},
	Title = {{TChem} - A Software Toolkit for the Analysis of Complex Kinetic Models},
	Year = {2011}}

@article{Stewart:1989gj,
	Author = {Stewart, P H and Larson, C W and Golden, D M},
	Date-Modified = {2015-04-15 01:38:29 +0000},
	Journal = {Combust. Flame},
	Number = {1},
	Pages = {25--31},
	Title = {Pressure and temperature dependence of reactions proceeding via a bound complex. 2. {Application} to 2{CH}$_{3}$ {\textrightarrow} {C}$_{2}${H}$_{5}$ + {H}},
	Volume = {75},
	Year = {1989}}

@article{Venkatesh:2000gj,
	Author = {Venkatesh, Prasana K},
	Date-Modified = {2015-04-07 01:30:43 +0000},
	Journal = {J. Phys. Chem. A},
	Number = {2},
	Pages = {280--287},
	Title = {Damped Pseudospectral Functional Forms of the Falloff Behavior of Unimolecular Reactions},
	Volume = {104},
	Year = {2000}}

@article{Venkatesh:1997ik,
	Author = {Venkatesh, Prasana K and Chang, Albert Y and Dean, Anthony M and Cohen, Morrel H and Carr, Robert W},
	Date-Modified = {2015-04-07 01:30:09 +0000},
	Journal = {AICHe J.},
	Month = may,
	Number = {5},
	Pages = {1331--1340},
	Title = {Parameterization of pressure- and temperature-dependent kinetics in multiple well reactions},
	Volume = {43},
	Year = {1997}}

@book{Warnatz:2006tq,
	Address = {Berlin Heidelberg},
	Author = {Warnatz, J{\"u}rgen and Maas, Ulrich and Dibble, Robert W},
	Edition = {4th},
	Publisher = {Springer},
	Series = {Physical and Chemical Fundamentals, Modeling and Simulation, Exeriments, Pollutant Formation},
	Title = {{Combustion}},
	Year = {2006}}

@mastersthesis{Youssefi:2011tm,
	Author = {Youssefi, Mehrnaz Rouhi},
	Date-Modified = {2015-12-02 09:31:51 +0000},
	Month = aug,
	School = {University of Connecticut},
	Title = {Development of Analytic Tools for Computational Flame Diagnostics},
	Year = {2011},
	Bdsk-Url-1 = {http://digitalcommons.uconn.edu/gs_theses/145/}}
